@article{ben2009agnostic,
  title={Agnostic online learning},
  author={Ben-David, Shai and P{\'a}l, D{\'a}vid and Shalev-Shwartz, Shai},
  year={2009}
}
